@inproceedings{WalidICFP02,
  author    = {Emir Pasalic and
               Walid Taha and
               Tim Sheard},
  title     = {Tagless staged interpreters for typed languages.},
  booktitle = {ICFP},
  year      = {2002},
  pages     = {218-229},
  ee        = {http://doi.acm.org/10.1145/581478.581499},
  bibsource = {DBLP, http://dblp.uni-trier.de}
}

@inproceedings{WalidPOPL03,
  author    = {Walid Taha and
               Michael Florentin Nielsen},
  title     = {Environment classifiers.},
  booktitle = {POPL},
  year      = {2003},
  pages     = {26-37},
  ee        = {http://doi.acm.org/10.1145/640128.604134},
  bibsource = {DBLP, http://dblp.uni-trier.de}
}

@misc{metaocaml,
  key = {metaocaml},
  note = {\url{http://www.metaocaml.org}}
}

@inproceedings{NanevskiICFP02,
  author    = {Aleksandar Nanevski},
  title     = {Meta-programming with names and necessity.},
  booktitle = {ICFP},
  year      = {2002},
  pages     = {206-217},
  ee        = {http://doi.acm.org/10.1145/581478.581498},
  bibsource = {DBLP, http://dblp.uni-trier.de}
}

@article{NanevskiJFP05,
  author    = {Aleksandar Nanevski and
               Frank Pfenning},
  title     = {Staged computation with names and necessity.},
  journal   = {J. Funct. Program.},
  volume    = {15},
  number    = {5},
  year      = {2005},
  pages     = {893-939},
  ee        = {http://dx.doi.org/10.1017/S095679680500568X},
  bibsource = {DBLP, http://dblp.uni-trier.de}
}

@article{DaviesJACM01,
  author    = {Rowan Davies and
               Frank Pfenning},
  title     = {A modal analysis of staged computation.},
  journal   = {J. ACM},
  volume    = {48},
  number    = {3},
  year      = {2001},
  pages     = {555-604},
  ee        = {http://doi.acm.org/10.1145/382780.382785},
  bibsource = {DBLP, http://dblp.uni-trier.de}
}

